<?xml version="1.0" encoding="UTF-8"?><collection xmlns="http://www.loc.gov/MARC21/slim"><record><leader>00473nam--2200193-u-4500</leader><controlfield tag="001">000050788</controlfield><controlfield tag="002">20161230</controlfield><controlfield tag="005">20161230201048</controlfield><controlfield tag="008">080403s1000------------r-----000-0-eng-d</controlfield><datafield ind1=" " ind2=" " tag="040"><subfield code="a">IFIN-HH</subfield></datafield><datafield ind1=" " ind2=" " tag="080"><subfield code="a">519</subfield></datafield><datafield ind1="1" ind2=" " tag="100"><subfield code="a">Chorafas, Dimitris N</subfield></datafield><datafield ind1="1" ind2="0" tag="245"><subfield code="a">Systems and Simulation</subfield></datafield><datafield ind1=" " ind2=" " tag="260"><subfield code="a">New York</subfield><subfield code="b">Academic Press</subfield><subfield code="c">1965</subfield></datafield><datafield ind1=" " ind2=" " tag="300"><subfield code="a">503 p</subfield></datafield><datafield ind1=" " ind2=" " tag="490"><subfield code="v">Vol.60</subfield></datafield><datafield ind1=" " ind2=" " tag="504"><subfield code="a">Mathematics in Science and Engineering</subfield></datafield><datafield ind1=" " ind2=" " tag="852"><subfield code="c">51</subfield></datafield><datafield ind1=" " ind2=" " tag="CAT"><subfield code="a">Sys</subfield><subfield code="c">20080403</subfield><subfield code="h">150125</subfield></datafield></record></collection>